%% This BibTeX bibliography file was created using BibDesk.
%% http://bibdesk.sourceforge.net/


%% Created for Nicholas Boers at 2015-07-09 15:12:32 -0600 


%% Saved with string encoding Unicode (UTF-8) 



@misc{WMO15,
	Author = {{World Meteorological Organization}},
	Date-Added = {2015-07-09 21:08:08 +0000},
	Date-Modified = {2015-07-09 21:12:29 +0000},
	Howpublished = {\url{http://www.wmo.int/pages/prog/sat/formatsandstandards_en.php}},
	Title = {Satellite Data Formats and Standards},
	Year = {last accessed July 9, 2015}}
